@article{BergerCLReview,
	title={Complex Langevin and other approaches to the sign problem in quantum many-body physics}, 
	author={Casey E. Berger and Lukas Rammelm\"{u}ller and Andrew C. Loheac and Florian Ehmann and Jens Braun and Joaqu\'{i}n E. Drut},
	journal ={Physics Reports},
	year={in press},
	eprint={1907.10183},
      archivePrefix={arXiv},
      primaryClass={cond-mat.quant-gas}
}
