@article{cern,
  title={The physics of superfluid helium},
  author={Vinen, WF},
  year={2004},
  publisher={CERN}
}

@article{PhysRevLett43214,
  title = {Observation of Stationary Vortex Arrays in Rotating Superfluid Helium},
  author = {Yarmchuk, E. J. and Gordon, M. J. V. and Packard, R. E.},
  journal = {Phys. Rev. Lett.},
  volume = {43},
  issue = {3},
  pages = {214--217},
  numpages = {0},
  year = {1979},
  month = {Jul},
  publisher = {American Physical Society},
  doi = {10.1103/PhysRevLett.43.214},
  url = {https://link.aps.org/doi/10.1103/PhysRevLett.43.214}
}

@Article{Onsager1949,
  author="Onsager, L.",
  title="Statistical hydrodynamics",
  journal="Il Nuovo Cimento (1943-1954)",
  year="1949",
  month="Mar",
  day="01",
  volume="6",
  number="2",
  pages="279--287",
  issn="1827-6121",
  doi="10.1007/BF02780991",
  url="https://doi.org/10.1007/BF02780991"
}

@incollection{FEYNMAN195517,
	title = {Chapter II Application of Quantum Mechanics to Liquid Helium},
	author = {R.P. Feynman},
	editor = {C.J. Gorter},
	booktitle = {Progress in Low Temperature Physics},
	publisher = {Elsevier},
	year = {1955},
	month = {12},
	volume = {1},
	pages = {17 - 53},
	issn = {0079-6417},
	doi = {https://doi.org/10.1016/S0079-6417(08)60077-3},
	url = {http://www.sciencedirect.com/science/article/pii/S0079641708600773}
}

@article {Science20012925516,
	author = {Abo-Shaeer, J. R. and Raman, C. and Vogels, J. M. and Ketterle, W.},
	title = {Observation of Vortex Lattices in Bose-Einstein Condensates},
	volume = {292},
	number = {5516},
	pages = {476--479},
	year = {2001},
	doi = {10.1126/science.1060182},
	publisher = {American Association for the Advancement of Science},
	abstract = {Quantized vortices play a key role in superfluidity and superconductivity. We have observed the formation of highly ordered vortex lattices in a rotating Bose-condensed gas. These triangular lattices contained over 100 vortices with lifetimes of several seconds. Individual vortices persisted up to 40 seconds. The lattices could be generated over a wide range of rotation frequencies and trap geometries, shedding light on the formation process. Our observation of dislocations, irregular structure, and dynamics indicates that gaseous Bose-Einstein condensates may be a model system for the study of vortex matter.},
	issn = {0036-8075},
	URL = {http://science.sciencemag.org/content/292/5516/476},
	eprint = {http://science.sciencemag.org/content/292/5516/476.full.pdf},
	journal = {Science}
}

@article{RevModPhys81647,
  title = {Rotating trapped Bose-Einstein condensates},
  author = {Fetter, Alexander L.},
  journal = {Rev. Mod. Phys.},
  volume = {81},
  issue = {2},
  pages = {647--691},
  numpages = {0},
  year = {2009},
  month = {May},
  publisher = {American Physical Society},
  doi = {10.1103/RevModPhys.81.647},
  url = {https://link.aps.org/doi/10.1103/RevModPhys.81.647}
}

@article{PhysRevLett84806,
  title = {Vortex Formation in a Stirred Bose-Einstein Condensate},
  author = {Madison, K. W. and Chevy, F. and Wohlleben, W. and Dalibard, J.},
  journal = {Phys. Rev. Lett.},
  volume = {84},
  issue = {5},
  pages = {806--809},
  numpages = {0},
  year = {2000},
  month = {Jan},
  publisher = {American Physical Society},
  doi = {10.1103/PhysRevLett.84.806},
  url = {https://link.aps.org/doi/10.1103/PhysRevLett.84.806}
}
